% This file was created with JabRef 2.7.
% Encoding: Cp1252

@PHDTHESIS{Gill2009,
  author = {Daniel F. Gill},
  title = {Newton-Krylov Methods for the Solution of the k-Eigenvalue Problem
	in Multigroup Neutronics Calculations},
  school = {The Pennsylvania State University},
  year = {2009},
  owner = {Bryan},
  timestamp = {2011.10.15}
}

@ARTICLE{Knoll2004,
  author = {D.A. Knoll and D.E. Keyes},
  title = {{Jacobian-free Newton-Krylov methods: a survey of approaches and
	applications}},
  journal = {Journal of Computational Physics},
  year = {2004},
  volume = {193},
  pages = {357-397},
  owner = {Bryan},
  timestamp = {2011.10.11}
}

@BOOK{Bell1970,
  title = {{Nuclear Reactor Theory}},
  publisher = {Van Nostrand Reinhold Co.},
  year = {1970},
  author = {George Bell and Samuel Glasstone},
  address = {New York},
  owner = {bherman},
  timestamp = {2011.03.07}
}

@BOOK{Downar2009,
  title = {{PARCS v3.0: U.S. NRC Core Neutronics Simulator. User Manual}},
  publisher = {University of Michigan},
  year = {2009},
  author = {T. Downar and D. Lee and Y. Xu and V. Seker},
  changedate = {3/2/2011}
}

@ARTICLE{Planet2011,
  author = {Planet Math},
  title = {Given Rotation},
  journal = {http://planetmath.org/encyclopedia/GivensRotation.html},
  year = {2011},
  address = {http://planetmath.org/encyclopedia/GivensRotation.html},
  organization = {Planet Math},
  owner = {Bryan},
  timestamp = {2011.10.15},
  url = {http://planetmath.org/encyclopedia/GivensRotation.html}
}

@BOOK{Saad2003,
  title = {Iterative Methods for Sparse Linear Systems},
  publisher = {Societry for Industrial and Applied Mathematics},
  year = {2003},
  author = {Yousef Saad},
  owner = {Bryan},
  timestamp = {2011.10.15}
}

@ARTICLE{Saad1986,
  author = {Youcef Saad and Martin H. Schultz},
  title = {GMRES: A Generalized Minimal Residual Algorithm for Solving Nonsymmetric
	Linear Systems},
  journal = {Society for Industrial and Applied Mathematics},
  year = {1986},
  volume = {7},
  pages = {856-869},
  owner = {Bryan},
  timestamp = {2011.10.15}
}

@BOOK{Trefethen1997,
  title = {Numerical Linear Algebra},
  publisher = {Societry for Industrial and Applied Mathematics},
  year = {1997},
  author = {Lloyd N. Trefethen and David Bau},
  owner = {Bryan},
  timestamp = {2011.10.15}
}

@BOOK{Hebert2009,
  title = {{Applied Reactor Physics}},
  publisher = {Presses Internationales Polytechnique},
  year = {2009},
  author = {Alain H\'{e}bert},
  address = {Montr\'{e}al},
  changedate = {2/27/2011}
}

@MANUAL{LeppanenUser2010,
  title = {{PSG2/Serpent: A Continuous-energy Monte Carlo Reactor Physics Burnup
	Code User's Manual}},
  author = {Jaakko Lepp\"{a}nen},
  organization = {VTT},
  address = {Espoo},
  month = {December},
  year = {2010},
  changedate = {3/2/2011},
  publisher = {VTT Technical Research Centre of Finland}
}

@BOOK{Todreas2011,
  title = {{Nuclear Systems I}},
  publisher = {Taylor \& Francis},
  year = {2011},
  author = {Neil E. Todreas and Mujid S. Kazimi},
  address = {New York},
  edition = {second}
  owner = {bherman},
  timestamp = {2011.03.21}
}

@MANUAL{RELAP5,
  title = {RELAP5-3D Code Manual Volume II: User's Guide and Input Requirements},
  author = {{RELAP5-3D}},
  organization = {Idaho National Laboratory},
  edition = {2.4},
  month = {June},
  year = {2005},
  owner = {bherman},
  timestamp = {2011.06.25}
}

@MANUAL{Holmgren2006,
  title = {{X STEAM for MATLAB}},
  author = {Magnus Holmgren},
  organization = {Excel Engineering},
  year = {2006},
  changedate = {3/2/2011}
}

@BOOK{Kelly2003,
  title = {{Solving Nonlinear Equations with Newton's Method}},
  publisher = {Society for Industrial and Applied Mathematics},
  year = {2003},
  author = {C.T. Kelly},
  address = {Philadelphia},
  owner = {bherman},
  timestamp = {2011.03.21}
}

@ARTICLE{Mousseau2003,
  author = {V.A. Mousseau},
  title = {{Implicitly balanced solution of the two-phase flow equations couple to nonlinear heat conduction}},
  journal = {Journal of Computational Physics},
  year = {2004},
  volume = {200},
  pages = {104-132},
  owner = {Bryan},
  timestamp = {2011.10.11}
}

@BOOK{Kelly1987,
  title = {{Iterative Methods for Linear and Nonlinear Equations}},
  publisher = {Society for Industrial and Applied Mathematics},
  year = {1987},
  author = {C.T. Kelly},
  address = {Philadelphia},
  owner = {bherman},
  timestamp = {2011.03.21}
}

@BOOK{Duderstadt1976,
  title = {{Nuclear Reactor Analysis}},
  publisher = {Wiley},
  year = {1976},
  author = {James J. Duderstadt and Louis J. Hamilton},
  address = {New York},
  changedate = {2/27/2011}
}

@comment{jabref-meta: selector_review:}

@comment{jabref-meta: selector_publisher:}

@comment{jabref-meta: selector_author:}

@comment{jabref-meta: selector_journal:}

@comment{jabref-meta: selector_keywords:}

