% This file was created with JabRef 2.7.
% Encoding: Cp1252

@PHDTHESIS{Gill2009,
  author = {Daniel F. Gill},
  title = {Newton-Krylov Methods for the Solution of the k-Eigenvalue Problem
	in Multigroup Neutronics Calculations},
  school = {The Pennsylvania State University},
  year = {2009},
  owner = {Bryan},
  timestamp = {2011.10.15}
}

@ARTICLE{Knoll2004,
  author = {D.A. Knoll and D.E. Keyes},
  title = {{Jacobian-free Newton-Krylov methods: a survey of approaches and
	applications}},
  journal = {Journal of Computational Physics},
  year = {2004},
  volume = {193},
  pages = {357-397},
  owner = {Bryan},
  timestamp = {2011.10.11}
}

@BOOK{Saad2003,
  title = {Iterative Methods for Sparse Linear Systems},
  publisher = {Societry for Industrial and Applied Mathematics},
  year = {2003},
  author = {Yousef Saad},
  owner = {Bryan},
  timestamp = {2011.10.15}
}

@ARTICLE{Saad1986,
  author = {Youcef Saad and Martin H. Schultz},
  title = {GMRES: A Generalized Minimal Residual Algorithm for Solving Nonsymmetric
	Linear Systems},
  journal = {Society for Industrial and Applied Mathematics},
  year = {1986},
  volume = {7},
  pages = {856-869},
  owner = {Bryan},
  timestamp = {2011.10.15}
}

@BOOK{Trefethen1997,
  title = {Numerical Linear Algebra},
  publisher = {Societry for Industrial and Applied Mathematics},
  year = {1997},
  author = {Lloyd N. Trefethen and David Bau},
  owner = {Bryan},
  timestamp = {2011.10.15}
}

@comment{jabref-meta: selector_review:}

@comment{jabref-meta: selector_publisher:}

@comment{jabref-meta: selector_author:}

@comment{jabref-meta: selector_journal:}

@comment{jabref-meta: selector_keywords:}

